<?xml version="1.0" encoding="UTF-8"?><record xmlns="http://www.loc.gov/MARC21/slim" xmlns:cinclude="http://apache.org/cocoon/include/1.0" xmlns:zs="http://www.loc.gov/zing/srw/">
  <leader>00818cz  a2200193n  4500</leader>
  <controlfield tag="001">n  00033233 </controlfield>
  <controlfield tag="003">DLC</controlfield>
  <controlfield tag="005">20020920141028.0</controlfield>
  <controlfield tag="008">000711n| acaabaaan          |a ana      </controlfield>
  <datafield tag="010" ind1=" " ind2=" ">
    <subfield code="a">n  00033233 </subfield>
  </datafield>
  <datafield tag="040" ind1=" " ind2=" ">
    <subfield code="a">DLC</subfield>
    <subfield code="b">eng</subfield>
    <subfield code="c">DLC</subfield>
    <subfield code="d">DLC</subfield>
  </datafield>
  <datafield tag="130" ind1=" " ind2="0">
    <subfield code="a">Serie Documentos de investigación (Programa de Investigación Estratégica en Bolivia)</subfield>
  </datafield>
  <datafield tag="430" ind1=" " ind2="0">
    <subfield code="a">Documentos de investigación (Programa de Investigación Estratégica en Bolivia)</subfield>
  </datafield>
  <datafield tag="410" ind1="2" ind2=" ">
    <subfield code="a">Programa de Investigación Estratégica en Bolivia.</subfield>
    <subfield code="t">Serie Documentos de investigación</subfield>
  </datafield>
  <datafield tag="643" ind1=" " ind2=" ">
    <subfield code="a">La Paz, Bolivia</subfield>
    <subfield code="b">Programa de Investigación Estratégica en Bolivia</subfield>
  </datafield>
  <datafield tag="644" ind1=" " ind2=" ">
    <subfield code="a">f</subfield>
    <subfield code="5">DLC</subfield>
  </datafield>
  <datafield tag="645" ind1=" " ind2=" ">
    <subfield code="a">t</subfield>
    <subfield code="5">DPCC</subfield>
    <subfield code="5">DLC</subfield>
  </datafield>
  <datafield tag="646" ind1=" " ind2=" ">
    <subfield code="a">s</subfield>
    <subfield code="5">DLC</subfield>
  </datafield>
  <datafield tag="670" ind1=" " ind2=" ">
    <subfield code="a">Torrico, Erick. Industrias culturales en la ciudad de La Paz, 1999:</subfield>
    <subfield code="b">cover (Serie Documentos de investigación)</subfield>
  </datafield>
</record>